@misc{GoogleMapsTimeline,
	author = {Google Maps Timeline},
	howpublished = {\url{https://www.google.co.uk/maps/timeline}},
	note = {Accessed: 2016-03-02}
}

@misc{GMTimeFeature,
	author = {Barry Schwartz},
	title = {Google Maps Timeline: User-Friendly Location History},
	month = jul,
	year = {2015},
	howpublished = {\url{http://searchengineland.com/google-maps-timeline-user-friendly-location-history-225783}},
	note = {Accessed: 2016-03-06}
}
@misc{imcd,
	author = {Integrated Multimedia City Data},
	howpublished = {\url{http://ubdc.ac.uk/blog/2014/september/urban-life-captured-through-survey-sensors-and-multimedia/}},
	note = {Accessed: 2016-03-05}
}
@book{sene,
	author = {Ian Summerville},
	title = {Software Engineering, Ninth Edition},
	publisher = {Addison-Wesley},
	year = 2011}

@book{sets,
	author = {Tim Storer and Jeremy Singer},
	title = {Lecture Notes on Software Engineering},
	year = 2013}

@book{threetier,
	author = {Eckerson, Wayne W},
	title = {Three Tier Client/Server Architecture: Achieving Scalability, Performance, and Efficiency in Client Server Applications.},
	date = {January 1995},
}
@report{ofcomreport1,
	author = {Ofcom},
	title = {The Communications Market 2015},
	institution = {Ofcom},
	date = {6},
	OPTmonth = {August},
	OPTeprintclass = {eprintclass},
	OPTeprinttype = {eprinttype},
	OPTurl = {http://stakeholders.ofcom.org.uk/market-data-research/market-data/communications-market-reports/},
	OPTurldate = {2016-03-12},
}
@misc{mapplace,
	author = {Google Places API},
	howpublished = {\url{https://developers.google.com/places/javascript/}},
	note = {Accessed: 2016-03-18}
}
@misc{mapusage,
	author = {JavaScript API Usage Limits},
	howpublished = {\url{https://developers.google.com/maps/documentation/javascript/usage}},
	note = {Accessed: 2016-03-18}
}
@book{hci,
	author = {Alan Dix, Janet Finlay, Gregory D. Abowd, Russell Beale},
	title = {Humanâ€“Computer Interaction, Third Edition},
	year = 2004
}
@book{clinicalresearch,
	author = {Hulley, Stephen B.},
	title = {Designing Clinical Research},
	year = 2007
}